@incollection{FUJIWARA1990171,
    title = {7 - Applications to Computer Systems},
    editor = {Hideki Imai},
    booktitle = {Essentials of Error-Control Coding Techniques},
    publisher = {Academic Press},
    pages = {171-268},
    year = {1990},
    isbn = {978-0-12-370720-8},
    doi = {https://doi.org/10.1016/B978-0-12-370720-8.50011-8},
    url = {https://www.sciencedirect.com/science/article/pii/B9780123707208500118},
    author = {Eiji Fujiwara and Mitsuhiko Yashiro and Tsuneo Furuya}
}

@article{moler1991cleve,
  title={Cleveâ€™s corner: Roots-of polynomials, that is},
  author={Moler, Cleve},
  journal={The MathWorks Newsletter},
  volume={5},
  number={1},
  pages={8--9},
  year={1991}
}
@article{osborne1960pre,
  title={On pre-conditioning of matrices},
  author={Osborne, EE},
  journal={Journal of the ACM (JACM)},
  volume={7},
  number={4},
  pages={338--345},
  year={1960},
  publisher={ACM New York, NY, USA}
}
@article{beresford1969,
    title={Balancing a matrix for calculation of eigenvalues and eigenvectors},
    authors={Beresford N. Parlett and C. Reinsch},
    journal={Numerische Mathematik},
    year={1969},
    publisher={Springer Berlin Heidelberg},
    volume={13},
    pages={293-304},
    number={4},
    doi={10.1007/BF02165404}
}
@article{james2014matrix,
  title={On matrix balancing and eigenvector computation},
  author={James, Rodney and Langou, Julien and Lowery, Bradley R},
  journal={arXiv preprint arXiv:1401.5766},
  year={2014}
}
@article{edelman1995polynomial,
  title={Polynomial roots from companion matrix eigenvalues},
  author={Edelman, Alan and Murakami, Hiroshi},
  journal={Mathematics of Computation},
  volume={64},
  number={210},
  pages={763--776},
  year={1995}
}
@book{golub2013matrix,
  title={Matrix computations},
  author={Golub, Gene H and Van Loan, Charles F},
  year={2013},
  publisher={JHU press}
}
